@INPROCEEDINGS{6687717, 
author={Jinjakam, C. and Hamamoto, K.}, 
booktitle={Biomedical Engineering International Conference (BMEiCON), 2013 6th}, 
title={Parallax, position and height difference effects on simulator sickness in immersive virtual environment}, 
year={2013}, 
month={Oct}, 
pages={1-4}, 
keywords={mechanoception;medical computing;medical disorders;virtual reality;head mounted display;height difference effects;immersive virtual environment;monitor screen;one-large projection screen;parallax difference effects;position difference effects;simulator sickness;Analysis of variance;Educational institutions;Glass;Monitoring;Vehicles;Virtual environments;immersive virtual environment;parallax;simulator sickness;simulator sickness questionnaire}, 
doi={10.1109/BMEiCon.2013.6687717},}



@INPROCEEDINGS{913806, 
author={Seay, A.F. and Krum, D.M. and Hodges, L. and Ribarsky, W.}, 
booktitle={Virtual Reality, 2001. Proceedings. IEEE}, 
title={Simulator sickness and presence in a high FOV virtual environment}, 
year={2001}, 
month={March}, 
pages={299-300}, 
keywords={computer displays;digital simulation;human factors;virtual reality;NAVE;Nonexpensive Automatic Virtual Environment;display configurations;display fidelity;high FOV virtual environment;joystick navigation;one-screen set-up;presence;simulator sickness;three-screen set-up;three-sided display area;user role configurations;virtual environment display system;Abstracts;Displays;Graphics;Instruments;MONOS devices;Navigation;Personal communication networks;Usability;Virtual environment;Visualization}, 
doi={10.1109/VR.2001.913806},}


@INPROCEEDINGS{6172012, 
author={Jinjakam, C. and Hamamoto, K.}, 
booktitle={Biomedical Engineering International Conference (BMEiCON), 2011}, 
title={Guidelines for virtual simulator sickness experimentation}, 
year={2011}, 
month={Jan}, 
pages={31-35}, 
keywords={human factors;standardisation;virtual reality;3D environment;standardization;survey;virtual simulator sickness research;Virtual environment;simulator sickness}, 
doi={10.1109/BMEiCon.2012.6172012},}


@INPROCEEDINGS{6732090, 
author={Benzeroual, Karim and Allison, Robert S.}, 
booktitle={3D Imaging (IC3D), 2013 International Conference on}, 
title={Cyber (motion) sickness in active stereoscopic 3D gaming}, 
year={2013}, 
month={Dec}, 
pages={1-7}, 
keywords={Games;Head;Rocks;Stereo image processing;Three-dimensional displays;Tracking;Vehicles;Stereoscopic 3D;computer games;cybersickness;motion parallax;simulator sickness}, 
doi={10.1109/IC3D.2013.6732090},}


@INPROCEEDINGS{1191132, 
author={Meehan, M. and Razzaque, S. and Whitton, M.C. and Brooks, F.P., Jr.}, 
booktitle={Virtual Reality, 2003. Proceedings. IEEE}, 
title={Effect of latency on presence in stressful virtual environments}, 
year={2003}, 
month={March}, 
pages={141-148}, 
keywords={human factors;user interfaces;virtual reality;experiment;fear;heart rate;latency;performance;physiological response;presence;simulator sickness;stress;stressful virtual environments;Data analysis;Delay;Demography;Displays;Heart rate;Position measurement;Signal generators;Skin;Stress measurement;Virtual environment}, 
doi={10.1109/VR.2003.1191132}, 
ISSN={1087-8270},}